@article{schizophreniabrainconnectivity,
  title={Working memory related brain network connectivity in individuals with schizophrenia and their siblings},
  author={Repovs, Grega and M.Barch, Deanna},
  journal={Frontiers in Human Neuroscience},
  volume={6},
  number={137},
  year={May 2012}
}
